@article{hyperband,
  doi = {10.48550/ARXIV.1603.06560},  
  author = {Li, Lisha and Jamieson, Kevin and DeSalvo, Giulia and Rostamizadeh, Afshin and Talwalkar, Ameet},
  title = {Hyperband: A Novel Bandit-Based Approach to Hyperparameter Optimization},
  publisher = {arXiv},
  year = {2016},
  
}